date,sales,unit_purchase_cost,fixed_order_cost
1/1/2022,19,57.37,198.62
1/2/2022,25,65.79,185.39
1/3/2022,25,59.97,126.97
1/4/2022,25,56.4,171.57
1/5/2022,20,54.94,192.1
1/6/2022,18,69.34,151.27
1/7/2022,25,72.09,120.42
1/8/2022,18,57.57,166.68
1/9/2022,22,63.97,142.98
1/10/2022,26,63.35,120.27
1/11/2022,19,54.73,162.67
1/12/2022,23,56.42,118.99
1/13/2022,17,54.63,157.98
1/14/2022,24,64.05,130.25
1/15/2022,16,53.37,146.65
1/16/2022,15,66.68,140.8
1/17/2022,16,67.31,153.21
1/18/2022,24,64.54,211.89
1/19/2022,18,70.29,138.82
1/20/2022,26,60.64,122.44
1/21/2022,24,53.12,177.63
1/22/2022,25,60.15,166.3
1/23/2022,27,59.96,142.78
1/24/2022,25,68.38,131.91
1/25/2022,17,66.32,136.38
1/26/2022,18,60.29,208.02
1/27/2022,18,53.39,197.55
1/28/2022,24,58.29,132.47
1/29/2022,14,54.26,200.6
1/30/2022,15,56.33,153.7
1/31/2022,22,56.03,177.48
2/1/2022,20,60.07,193.31
2/2/2022,22,64.99,212.31
2/3/2022,28,61.6,137.42
2/4/2022,26,55.07,153.41
2/5/2022,20,62.56,208.11
2/6/2022,17,66.54,152.07
2/7/2022,15,71.36,122.31
2/8/2022,18,69.74,205.68
2/9/2022,25,55.27,158.89
2/10/2022,26,65.05,145.3
2/11/2022,22,60.49,164.93
2/12/2022,23,63.25,132.49
2/13/2022,25,71.76,200.09
2/14/2022,19,56.18,157.92
2/15/2022,26,62.62,194.17
2/16/2022,15,59.46,186.65
2/17/2022,21,57.73,171.57
2/18/2022,19,69.36,168.55
2/19/2022,27,53.8,169.48
2/20/2022,20,56.95,182.11
2/21/2022,16,53.26,152.46
2/22/2022,20,54.58,127.85
2/23/2022,23,54.5,141.26
2/24/2022,19,56.02,196.47
2/25/2022,19,71.96,175.57
2/26/2022,21,52.68,183.86
2/27/2022,22,63.25,142.05
2/28/2022,23,63.3,120.64
3/1/2022,16,54.36,144.46
3/2/2022,25,56.94,143.73
3/3/2022,26,71.42,217.97
3/4/2022,29,54.75,201.48
3/5/2022,21,68.66,216.06
3/6/2022,21,59.83,209.65
3/7/2022,17,52.5,132.72
3/8/2022,19,64.72,201.39
3/9/2022,24,63.99,174.11
3/10/2022,16,66.31,201.21
3/11/2022,18,59.26,180.77
3/12/2022,26,62.79,182.5
3/13/2022,18,65.18,199.49
3/14/2022,26,60.1,120.16
3/15/2022,28,69.79,208.96
3/16/2022,26,70.68,133.07
3/17/2022,24,65.46,197.52
3/18/2022,29,70.19,195.33
3/19/2022,19,53.27,172.78
3/20/2022,24,54.85,184.73
3/21/2022,25,53.33,211.17
3/22/2022,19,67.21,124.18
3/23/2022,29,54.25,189.95
3/24/2022,17,62.37,169.57
3/25/2022,16,65.74,181.51
3/26/2022,26,63.7,179.68
3/27/2022,19,67.71,155.51
3/28/2022,18,61.6,143.63
3/29/2022,28,70.57,134.38
3/30/2022,30,60.46,172.82
3/31/2022,18,64.09,165.81
4/1/2022,22,63.58,148.41
4/2/2022,26,58.3,119.89
4/3/2022,17,60.4,198.12
4/4/2022,25,66.4,128.34
4/5/2022,23,54.93,137.58
4/6/2022,29,58.65,192.28
4/7/2022,23,70.78,185.82
4/8/2022,26,52.17,203.48
4/9/2022,22,71.81,152.89
4/10/2022,20,57.83,183.67
4/11/2022,30,64.51,143.22
4/12/2022,26,57.37,144.82
4/13/2022,26,54.77,138.96
4/14/2022,28,60.71,134.37
4/15/2022,28,61.2,203.04
4/16/2022,27,60.6,195.83
4/17/2022,29,71.89,181.92
4/18/2022,26,55.75,130.2
4/19/2022,29,71.06,174.99
4/20/2022,30,55.79,173.91
4/21/2022,22,55.45,154.29
4/22/2022,23,63.5,214.17
4/23/2022,21,64.08,214.43
4/24/2022,28,53.82,176.49
4/25/2022,23,59.26,162.01
4/26/2022,19,57.66,126.81
4/27/2022,28,62.81,198.45
4/28/2022,18,64.72,134.52
4/29/2022,25,57.58,200.52
4/30/2022,27,53.28,165.72
5/1/2022,21,64.47,131.92
5/2/2022,20,54.04,131.5
5/3/2022,25,57.87,119.68
5/4/2022,23,62.65,143.36
5/5/2022,26,65.82,126.64
5/6/2022,27,54.77,118.63
5/7/2022,18,66.6,179.06
5/8/2022,22,59.55,196.8
5/9/2022,19,57.94,163.22
5/10/2022,19,61.78,164.53
5/11/2022,30,69.23,187.37
5/12/2022,31,67.8,148.25
5/13/2022,23,61.32,189.98
5/14/2022,24,60.13,134.65
5/15/2022,21,55.5,212.1
5/16/2022,31,60.28,208.31
5/17/2022,25,69.76,149.53
5/18/2022,24,52.59,125.9
5/19/2022,25,69.7,188.5
5/20/2022,21,64.77,207.44
5/21/2022,19,69.33,214.32
5/22/2022,30,53.61,149.64
5/23/2022,25,68.31,189.12
5/24/2022,23,61.19,125.45
5/25/2022,24,57.38,217
5/26/2022,30,51.82,196.44
5/27/2022,32,56.04,130.8
5/28/2022,28,54.5,215.21
5/29/2022,25,56.21,208.01
5/30/2022,28,58.93,154.7
5/31/2022,23,68.85,175.72
6/1/2022,28,57.49,216.36
6/2/2022,22,62.79,209.68
6/3/2022,25,51.95,162.37
6/4/2022,31,59.9,182.83
6/5/2022,30,65.68,125.19
6/6/2022,32,55.69,201.27
6/7/2022,24,57.37,208.47
6/8/2022,22,53.97,164.92
6/9/2022,27,56.23,203.52
6/10/2022,26,52.25,147.54
6/11/2022,21,60.67,191.59
6/12/2022,32,62.82,186.11
6/13/2022,23,66.72,126.52
6/14/2022,22,58.06,157
6/15/2022,30,56.08,122.9
6/16/2022,29,63.92,159
6/17/2022,33,53.25,182.71
6/18/2022,25,63.82,181.37
6/19/2022,21,53.45,199.01
6/20/2022,25,54.6,138.98
6/21/2022,31,69.87,139.5
6/22/2022,21,63.31,136.63
6/23/2022,29,57.31,214.87
6/24/2022,21,69.75,129.34
6/25/2022,26,66.84,216.56
6/26/2022,21,59.16,170.4
6/27/2022,28,63.94,171.43
6/28/2022,20,55.8,206.64
6/29/2022,20,64.99,144.31
6/30/2022,24,70.18,134.36
7/1/2022,30,61.81,135.4
7/2/2022,25,56.56,150.11
7/3/2022,25,55.07,211.03
7/4/2022,29,60.92,181.46
7/5/2022,20,70.42,151.85
7/6/2022,25,57.13,137.36
7/7/2022,22,64.7,215.56
7/8/2022,32,63.21,179.4
7/9/2022,30,60.64,126.3
7/10/2022,23,62.08,145.45
7/11/2022,32,56.47,211.14
7/12/2022,32,70.95,212.47
7/13/2022,25,68.14,185.15
7/14/2022,29,70.9,118.42
7/15/2022,31,69.48,132.31
7/16/2022,33,58.48,141.11
7/17/2022,25,58.11,137.2
7/18/2022,30,52.29,160.48
7/19/2022,30,51.21,180.14
7/20/2022,30,63.31,187.4
7/21/2022,25,63.7,166.21
7/22/2022,26,68.41,175.49
7/23/2022,23,68.45,136.61
7/24/2022,33,54.69,196.34
7/25/2022,32,70.38,150.98
7/26/2022,29,57.69,169.76
7/27/2022,31,63.32,160.27
7/28/2022,23,54.18,179.34
7/29/2022,22,65.84,152.14
7/30/2022,22,69.8,136.2
7/31/2022,34,51.66,171.97
8/1/2022,29,59.94,133.12
8/2/2022,22,67.4,140.08
8/3/2022,22,59.73,139.5
8/4/2022,28,54.25,216.57
8/5/2022,29,64.8,141.07
8/6/2022,24,52.32,204.55
8/7/2022,33,65.07,199.83
8/8/2022,33,69.55,153.1
8/9/2022,31,65.27,166.39
8/10/2022,25,57.2,124.18
8/11/2022,33,56.29,122.36
8/12/2022,34,57.33,121.54
8/13/2022,26,62.27,214.84
8/14/2022,33,66.8,173.95
8/15/2022,29,63.05,124.87
8/16/2022,23,62.79,200.32
8/17/2022,30,68.22,150.68
8/18/2022,33,51.61,173.88
8/19/2022,28,65.93,144.82
8/20/2022,27,62.06,197.79
8/21/2022,25,58.36,161.46
8/22/2022,35,59.54,209.4
8/23/2022,30,52.68,216.21
8/24/2022,26,57.75,192.68
8/25/2022,24,53.13,151.25
8/26/2022,35,67.44,118.9
8/27/2022,28,60.94,138.14
8/28/2022,27,69.14,179.25
8/29/2022,25,51.83,175.88
8/30/2022,24,62.1,139.29
8/31/2022,25,67.19,144.11
9/1/2022,33,68.27,157.42
9/2/2022,28,57.84,150.03
9/3/2022,25,54.74,190.96
9/4/2022,36,59.74,181.85
9/5/2022,24,61.65,124.4
9/6/2022,29,56.77,139.91
9/7/2022,29,65.46,195.51
9/8/2022,27,56.59,147.87
9/9/2022,36,53,191.22
9/10/2022,31,68.17,202.58
9/11/2022,35,60.5,164.31
9/12/2022,36,66.55,159.34
9/13/2022,34,56.5,155.19
9/14/2022,28,64.86,207.65
9/15/2022,36,66.52,161.24
9/16/2022,29,55.08,156.42
9/17/2022,24,65.65,191.13
9/18/2022,24,55.87,188.37
9/19/2022,30,58.11,177.21
9/20/2022,33,69.51,140.42
9/21/2022,28,62.87,170.85
9/22/2022,27,60.15,145.49
9/23/2022,29,61.39,171.73
9/24/2022,24,69.78,121.14
9/25/2022,36,58.88,175.51
9/26/2022,35,56.83,159.42
9/27/2022,26,52.25,121.99
9/28/2022,33,63.42,153.52
9/29/2022,36,60.72,172.46
9/30/2022,28,69.28,180.93
10/1/2022,27,55.31,175.3
10/2/2022,33,50.42,217.1
10/3/2022,29,66.82,193.83
10/4/2022,28,57.36,211.44
10/5/2022,26,56.87,159.84
10/6/2022,30,52.04,120.45
10/7/2022,25,67.46,156.57
10/8/2022,24,53.4,164.7
10/9/2022,33,69.17,149.03
10/10/2022,28,53.75,128.09
10/11/2022,32,66.89,147.22
10/12/2022,31,69.35,184.22
10/13/2022,36,63.38,134.05
10/14/2022,28,68.2,212.54
10/15/2022,27,69.91,176.7
10/16/2022,24,58.02,160.57
10/17/2022,31,64.39,119.65
10/18/2022,28,58.84,176.17
10/19/2022,36,64.61,134.69
10/20/2022,25,54.26,126.24
10/21/2022,35,54.71,199.55
10/22/2022,30,52.78,187.27
10/23/2022,32,61.33,130.66
10/24/2022,27,62.13,148.66
10/25/2022,32,60.26,156.22
10/26/2022,33,67.39,150.88
10/27/2022,33,67.4,200.8
10/28/2022,33,56.02,153.46
10/29/2022,25,61.7,163.99
10/30/2022,37,70,122.62
10/31/2022,27,50.61,199.49
11/1/2022,36,61.95,211.28
11/2/2022,27,58.81,164.64
11/3/2022,37,52.55,202.6
11/4/2022,33,51.54,155.35
11/5/2022,34,58.65,181.1
11/6/2022,38,54.76,137.9
11/7/2022,32,51.09,168.95
11/8/2022,33,51.69,210.01
11/9/2022,36,51.17,181.72
11/10/2022,37,66.93,141.76
11/11/2022,38,50.75,145.57
11/12/2022,31,51.72,172.94
11/13/2022,34,61.68,205.74
11/14/2022,37,51.83,202.81
11/15/2022,29,54.84,214.55
11/16/2022,29,60.08,142.19
11/17/2022,33,58.9,178.38
11/18/2022,34,64.7,123.24
11/19/2022,32,60.15,184.92
11/20/2022,37,69.52,208.59
11/21/2022,28,54.1,125.43
11/22/2022,35,51.79,217.99
11/23/2022,28,64.05,175.73
11/24/2022,28,65.85,135.51
11/25/2022,34,67.98,154.91
11/26/2022,29,50.81,138.81
11/27/2022,29,51.78,121.5
11/28/2022,38,57.48,159.42
11/29/2022,26,66.37,173.21
11/30/2022,28,50.33,151.94
12/1/2022,32,64.85,170.54
12/2/2022,29,55.04,122.7
12/3/2022,34,51.63,211.18
12/4/2022,28,51.27,186.68
12/5/2022,29,51.6,140.51
12/6/2022,33,65.49,212.42
12/7/2022,38,68.05,204.25
12/8/2022,33,60.65,213.15
12/9/2022,27,66.03,134.14
12/10/2022,35,68.47,147.84
12/11/2022,36,54.3,192.56
12/12/2022,28,52.27,204.7
12/13/2022,34,65.2,180.98
12/14/2022,38,50.37,134.46
12/15/2022,33,58.29,173.2
12/16/2022,28,50.83,206.88
12/17/2022,33,68.39,136.45
12/18/2022,29,52.51,150.58
12/19/2022,28,66.64,120.2
12/20/2022,39,56.01,140.98
12/21/2022,36,56.83,195.66
12/22/2022,40,50.91,141.49
12/23/2022,38,56.95,211.19
12/24/2022,33,68.58,153.59
12/25/2022,29,66.76,206.2
12/26/2022,33,56.71,136.17
12/27/2022,34,49.94,190.22
12/28/2022,33,67.77,164.18
12/29/2022,30,53.25,202.25
12/30/2022,35,58.61,204.7
12/31/2022,37,63.04,192.04
1/1/2023,31,49.77,210.69
1/2/2023,35,54.44,137.68
1/3/2023,37,49.73,207.76
1/4/2023,40,52.19,152.18
1/5/2023,39,63.94,135.44
1/6/2023,33,49.56,149.21
1/7/2023,27,65.17,205.16
1/8/2023,35,53.1,177.26
1/9/2023,28,58.74,192.02
1/10/2023,39,56.54,180.2
1/11/2023,31,66.59,148.21
1/12/2023,36,55.4,192.72
1/13/2023,29,54.23,195.64
1/14/2023,30,50.87,129.8
1/15/2023,36,51.07,203.68
1/16/2023,34,51.54,161.4
1/17/2023,33,63.31,126.63
1/18/2023,30,65.71,178.74
1/19/2023,29,52.68,166.43
1/20/2023,35,61.48,177.45
1/21/2023,39,61.55,194.57
1/22/2023,35,66.57,186.81
1/23/2023,37,64.42,200.84
1/24/2023,28,64.96,147.26
1/25/2023,37,64.2,205.54
1/26/2023,34,66.34,200.14
1/27/2023,34,49.48,123.66
1/28/2023,40,68.78,167.31
1/29/2023,32,58.03,200.87
1/30/2023,34,59.21,129.6
1/31/2023,41,64.04,217.05
2/1/2023,35,59.35,127.45
2/2/2023,30,60.3,172.36
2/3/2023,37,59.08,138.78
2/4/2023,42,56.58,179.44
2/5/2023,30,60.52,154.65
2/6/2023,36,52.02,130.61
2/7/2023,36,53.88,205.78
2/8/2023,34,49.37,126.24
2/9/2023,33,52.73,141.45
2/10/2023,35,64.58,155.81
2/11/2023,29,57.94,144.39
2/12/2023,41,52.39,144.56
2/13/2023,37,60.21,150.12
2/14/2023,40,51.21,172.79
2/15/2023,40,53.39,139.68
2/16/2023,39,55.99,167.23
2/17/2023,32,51.83,127.77
2/18/2023,33,60.47,145.38
2/19/2023,32,57.25,144.99
2/20/2023,35,55.98,203.56
2/21/2023,31,56.08,118.49
2/22/2023,36,65.36,156.47
2/23/2023,31,61.74,210.05
2/24/2023,36,61.86,202.44
2/25/2023,39,66.21,182.91
2/26/2023,39,67.43,146.65
2/27/2023,39,55.76,143.32
2/28/2023,40,64.91,196.1
3/1/2023,40,65.77,122.59
3/2/2023,31,58.42,121.33
3/3/2023,34,55.9,172.72
3/4/2023,33,56.43,177.87
3/5/2023,32,52.3,207.67
3/6/2023,30,65.93,123.44
3/7/2023,36,67.35,173.35
3/8/2023,33,53.82,151.81
3/9/2023,37,67.7,205.27
3/10/2023,37,56.54,172.39
3/11/2023,39,55.97,202.95
3/12/2023,41,63.31,217.98
3/13/2023,32,49.47,183.27
3/14/2023,32,59.76,150.24
3/15/2023,32,59.13,193.26
3/16/2023,33,53.8,150.23
3/17/2023,33,59.21,134.35
3/18/2023,43,57.95,184.15
3/19/2023,32,60.06,138.7
3/20/2023,33,62.55,155.86
3/21/2023,40,59.88,214.7
3/22/2023,36,54.78,165.12
3/23/2023,39,54.41,167.13
3/24/2023,42,58.24,144.24
3/25/2023,40,59.84,203.01
3/26/2023,35,62.23,136.53
3/27/2023,37,51.87,153.25
3/28/2023,35,60.47,181.39
3/29/2023,32,56.98,132.38
3/30/2023,40,53.23,154.34
3/31/2023,33,66.2,202.67
4/1/2023,36,64.19,143.87
4/2/2023,43,59.66,159.74
4/3/2023,34,59.62,119.78
4/4/2023,43,60.79,217.68
4/5/2023,31,59.53,200.13
4/6/2023,41,63.26,184.66
4/7/2023,39,54.06,189.33
4/8/2023,38,67.13,131.47
4/9/2023,40,53.71,186.45
4/10/2023,33,68.1,191.93
4/11/2023,35,59.87,124.88
4/12/2023,40,49.68,205.35
4/13/2023,34,54.09,182.07
4/14/2023,37,62.4,182.13
4/15/2023,33,54.52,149.25
4/16/2023,31,58.64,134.91
4/17/2023,34,56.41,163.98
4/18/2023,37,63.48,128.63
4/19/2023,31,60.62,164.02
4/20/2023,33,61.21,217.43
4/21/2023,40,57.56,203.37
4/22/2023,41,65.58,182.34
4/23/2023,39,60.63,174.59
4/24/2023,44,56.07,206.24
4/25/2023,38,61.3,172.71
4/26/2023,32,58.55,155.58
4/27/2023,38,61.8,151.81
4/28/2023,34,64.24,144.07
4/29/2023,35,49.56,214.89
4/30/2023,34,55.97,213.84
5/1/2023,33,50.95,126.19
5/2/2023,37,66.97,216.13
5/3/2023,43,50.81,204.15
5/4/2023,44,67.3,198.23
5/5/2023,39,58.4,122.96
5/6/2023,36,53.99,192.22
5/7/2023,40,65.95,177.18
5/8/2023,34,56.83,162.28
5/9/2023,33,57.3,171.21
5/10/2023,44,65.8,214.21
5/11/2023,39,52.03,182.21
5/12/2023,35,66.4,146.46
5/13/2023,34,60.98,164.3
5/14/2023,37,51.83,191.5
5/15/2023,44,51.39,199.08
5/16/2023,33,63.52,175.23
5/17/2023,42,64.89,188.79
5/18/2023,32,67.36,175.68
5/19/2023,42,66.03,143.78
5/20/2023,35,63.88,131.69
5/21/2023,42,59.41,176.45
5/22/2023,41,54.53,119.02
5/23/2023,33,56.26,158.83
5/24/2023,33,68.14,121.43
5/25/2023,41,61.96,145.22
5/26/2023,38,55.31,152.44
5/27/2023,41,62.26,199.4
5/28/2023,42,51.94,156.62
5/29/2023,40,60.98,182.58
5/30/2023,41,48.83,123.79
5/31/2023,44,63.38,180.99
6/1/2023,43,49.62,153.48
6/2/2023,46,53.32,144.99
6/3/2023,40,57.52,165.22
6/4/2023,34,64.51,209.1
6/5/2023,43,58.82,122.64
6/6/2023,38,67.35,173.24
6/7/2023,41,55.28,175.79
6/8/2023,38,52.3,150.06
6/9/2023,46,55.36,144.94
6/10/2023,37,59.12,190.54
6/11/2023,35,61.93,180.23
6/12/2023,44,49.82,216.49
6/13/2023,43,58.44,139.44
6/14/2023,40,57.3,154.33
6/15/2023,38,51.43,164.17
6/16/2023,45,55.1,199.84
6/17/2023,41,63.11,184.6
6/18/2023,42,62.68,121.17
6/19/2023,34,63.98,209.65
6/20/2023,39,64.6,207.46
6/21/2023,34,62.85,185.96
6/22/2023,39,57.36,167.97
6/23/2023,38,66.73,177.31
6/24/2023,37,56.82,215.35
6/25/2023,46,54.07,130.13
6/26/2023,35,60.39,196.47
6/27/2023,35,54.52,140.68
6/28/2023,36,49.9,140.76
6/29/2023,45,55.32,212.38
6/30/2023,38,66.17,153.06
7/1/2023,40,48.92,190.67
7/2/2023,36,64.81,181.61
7/3/2023,36,61.2,192.4
7/4/2023,46,57.28,178.04
7/5/2023,43,54.06,212.55
7/6/2023,34,56.31,153.8
7/7/2023,46,67.38,199.42
7/8/2023,46,64.28,165.46
7/9/2023,37,55.32,129.78
7/10/2023,46,49.81,121
7/11/2023,44,57.8,162.23
7/12/2023,42,56.28,122.88
7/13/2023,40,61,201.1
7/14/2023,41,60.18,130.67
7/15/2023,36,57.02,206.33
7/16/2023,36,61.68,205.55
7/17/2023,46,52.88,126.46
7/18/2023,47,54.2,155.51
7/19/2023,44,58.77,209.63
7/20/2023,43,63.39,135.52
7/21/2023,37,53.51,135.78
7/22/2023,36,67.37,160.8
7/23/2023,39,47.9,153.85
7/24/2023,47,47.89,139.4
7/25/2023,40,57.07,196.57
7/26/2023,46,65.06,139.84
7/27/2023,39,52.19,177.29
7/28/2023,43,51.36,217.1
7/29/2023,36,55,122.04
7/30/2023,47,54.17,132.69
7/31/2023,46,51.49,175.05
8/1/2023,39,62.05,126.83
8/2/2023,39,61.98,195.25
8/3/2023,48,53.85,171.51
8/4/2023,48,53.77,130.42
8/5/2023,38,59.96,177.97
8/6/2023,37,49.89,189.83
8/7/2023,40,63.61,215.59
8/8/2023,45,60.88,152.14
8/9/2023,45,53.87,144.11
8/10/2023,47,60.01,188.51
8/11/2023,36,48.93,177.53
8/12/2023,38,59.4,119.78
8/13/2023,40,58.57,200.9
8/14/2023,46,62.54,190.58
8/15/2023,49,58.91,211.35
8/16/2023,42,62.16,135.27
8/17/2023,41,58.82,199.44
8/18/2023,45,53.58,122.3
8/19/2023,48,65.82,171.9
8/20/2023,45,64.07,190.46
8/21/2023,44,64.69,137.29
8/22/2023,45,48.27,211.02
8/23/2023,36,47.64,213.05
8/24/2023,48,61.64,139.17
8/25/2023,48,55.82,177.87
8/26/2023,47,56.86,214.06
8/27/2023,39,52.26,204.11
8/28/2023,46,65.85,156.95
8/29/2023,38,54.4,187.39
8/30/2023,42,49.01,186.27
8/31/2023,40,61.38,183.81
9/1/2023,42,52.89,124.41
9/2/2023,47,55.44,162.03
9/3/2023,47,58.71,193.21
9/4/2023,41,64.67,199.82
9/5/2023,45,48.36,139.37
9/6/2023,45,55.1,161
9/7/2023,44,54.81,120.28
9/8/2023,41,63.57,190.49
9/9/2023,39,58.3,217.43
9/10/2023,45,67.05,184.16
9/11/2023,39,61.05,216.02
9/12/2023,44,61.19,181.1
9/13/2023,39,48.17,174.19
9/14/2023,40,60.69,167.89
9/15/2023,41,61.85,139.79
9/16/2023,41,48.25,170.05
9/17/2023,49,62.42,133.88
9/18/2023,48,50.34,213.04
9/19/2023,44,59.47,139.04
9/20/2023,38,58.72,189.19
9/21/2023,47,62.95,130.63
9/22/2023,37,63.8,212.49
9/23/2023,37,55.66,212.61
9/24/2023,50,48.12,174.66
9/25/2023,42,62.26,140.01
9/26/2023,45,48.84,150.39
9/27/2023,44,48.14,160.33
9/28/2023,38,48.53,167.58
9/29/2023,43,67,135.27
9/30/2023,42,64.55,126.94
10/1/2023,44,55.88,153.56
10/2/2023,47,60.39,140.31
10/3/2023,41,48.65,133.03
10/4/2023,44,63.7,214.42
10/5/2023,50,66.12,163.41
10/6/2023,42,48.23,188.81
10/7/2023,46,47.79,152.36
10/8/2023,48,64.47,143.78
10/9/2023,46,51.6,197
10/10/2023,42,56.04,196.76
10/11/2023,50,51.47,217.88
10/12/2023,40,57.97,170.29
10/13/2023,49,54.24,124.25
10/14/2023,44,51.11,190.47
10/15/2023,44,47.47,171.8
10/16/2023,48,60.55,122.04
10/17/2023,48,62.95,180.72
10/18/2023,49,65.57,126.26
10/19/2023,38,48.32,120.05
10/20/2023,41,47.28,145.68
10/21/2023,39,63.3,158.25
10/22/2023,49,63.92,156.84
10/23/2023,39,57.67,176.29
10/24/2023,48,63.46,197.66
10/25/2023,52,59.63,144.97
10/26/2023,38,49.58,128.69
10/27/2023,48,62.6,203.8
10/28/2023,51,54.92,205.17
10/29/2023,40,54.71,119.37
10/30/2023,43,52.45,205.94
10/31/2023,49,48.46,208.99
11/1/2023,39,61.54,156.48
11/2/2023,43,49.14,151.94
11/3/2023,48,50.86,210.18
11/4/2023,39,54.48,145.37
11/5/2023,51,64.3,173.09
11/6/2023,45,65.15,170.4
11/7/2023,40,62.79,147.84
11/8/2023,39,52.1,217.08
11/9/2023,50,49.8,118.25
11/10/2023,48,59.08,132.65
11/11/2023,47,55.11,213.6
11/12/2023,51,64.18,151.01
11/13/2023,44,47.94,180.58
11/14/2023,44,56.91,142.11
11/15/2023,42,48.81,165.15
11/16/2023,43,51.12,214.32
11/17/2023,45,64.21,188.06
11/18/2023,43,62.97,185.1
11/19/2023,44,60.43,191.67
11/20/2023,48,52.44,202.71
11/21/2023,40,60.6,130.7
11/22/2023,45,53.8,206.71
11/23/2023,45,49.01,176.46
11/24/2023,45,47.17,128.34
11/25/2023,50,58.91,206.29
11/26/2023,52,54.68,119.39
11/27/2023,42,52.14,156.39
11/28/2023,45,51.66,129.07
11/29/2023,41,65.62,166.71
11/30/2023,40,61.01,210.27
12/1/2023,45,55.12,209.37
12/2/2023,41,53.97,206.57
12/3/2023,43,55.94,130.42
12/4/2023,51,66.08,158.29
12/5/2023,50,46.98,196.64
12/6/2023,50,60.32,161.48
12/7/2023,49,52.83,197.49
12/8/2023,40,63.35,137.97
12/9/2023,49,55.22,136.19
12/10/2023,46,51.92,171.61
12/11/2023,49,60.48,183.76
12/12/2023,41,63.45,135.72
12/13/2023,49,51.65,133.6
12/14/2023,45,48.26,123.7
12/15/2023,42,51.95,214.38
12/16/2023,44,56.99,145.24
12/17/2023,43,52.51,118.25
12/18/2023,46,47.15,139.77
12/19/2023,49,54.47,166.39
12/20/2023,53,57.25,210.05
12/21/2023,44,64.71,163.46
12/22/2023,41,46.75,132.79
12/23/2023,50,50.04,210.13
12/24/2023,52,50.79,134.08
12/25/2023,45,59.91,214.07
12/26/2023,48,47.22,209.31
12/27/2023,44,54.58,195.4
12/28/2023,42,52.46,125.85
12/29/2023,53,48.92,194.44
12/30/2023,48,53.26,149.13
12/31/2023,48,56.18,218
1/1/2024,42,54.93,192.43
1/2/2024,44,60.72,147.99
1/3/2024,43,53.61,201.83
1/4/2024,51,54.19,196.81
1/5/2024,46,51.12,204.05
1/6/2024,54,62.12,163.49
1/7/2024,42,57.23,182.24
1/8/2024,44,53.12,189.76
1/9/2024,53,61.58,129.19
1/10/2024,45,54,170.46
1/11/2024,47,63.14,173.08
1/12/2024,47,56.57,213.36
1/13/2024,45,48.54,193.63
1/14/2024,54,49.38,123.74
1/15/2024,54,57.65,152.38
1/16/2024,45,62.41,208.69
1/17/2024,47,59.33,185.1
1/18/2024,52,63.97,138.66
1/19/2024,49,62.13,133.57
1/20/2024,52,49.73,175.55
1/21/2024,49,61.79,205.9
1/22/2024,53,62.79,202.28
1/23/2024,47,57.73,158.32
1/24/2024,51,60.11,185.67
1/25/2024,54,65.21,209.26
1/26/2024,49,49.37,161.65
1/27/2024,53,57.63,118.2
1/28/2024,50,55.31,169.11
1/29/2024,49,52.3,212.82
1/30/2024,48,46.97,175.97
1/31/2024,50,62.74,203.18
2/1/2024,55,63.1,143.01
2/2/2024,49,48.78,138.05
2/3/2024,54,58.94,175.38
2/4/2024,55,53.16,184.76
2/5/2024,49,59.61,169.95
2/6/2024,43,53.56,200
2/7/2024,55,64.16,206.78
2/8/2024,49,56.88,208.05
2/9/2024,48,59.42,133.05
2/10/2024,44,52.19,213.43
2/11/2024,55,52.88,159.5
2/12/2024,47,54.35,178.91
2/13/2024,49,65.15,180.19
2/14/2024,46,51.28,119.83
2/15/2024,55,48.22,163.19
2/16/2024,50,49.33,136.51
2/17/2024,50,47.12,172.26
2/18/2024,52,58.92,169.48
2/19/2024,45,61.1,190.47
2/20/2024,54,52.6,120.35
2/21/2024,54,60.6,175.58
2/22/2024,50,60.22,201.25
2/23/2024,53,61.44,210.46
2/24/2024,48,57.74,119.09
2/25/2024,50,61.29,212.86
2/26/2024,46,64.68,147.44
2/27/2024,49,61.22,182.48
2/28/2024,46,51.24,191.93
2/29/2024,48,50.47,162.7
3/1/2024,55,65.23,140.29
3/2/2024,53,62.76,193.8
3/3/2024,46,58.97,146.26
3/4/2024,45,46.96,140.85
3/5/2024,53,52.52,129.15
3/6/2024,44,48.31,132.55
3/7/2024,52,46.2,189.91
3/8/2024,47,58.56,143.34
3/9/2024,55,53.06,158.42
3/10/2024,47,54.04,153.6
3/11/2024,51,55.29,165.31
3/12/2024,44,57.08,169.7
3/13/2024,56,64.12,124.28
3/14/2024,48,59.31,155.23
3/15/2024,47,54.44,170.2
3/16/2024,53,63.21,136.19
3/17/2024,48,47.52,196.76
3/18/2024,46,47.29,179.87
3/19/2024,50,60.83,195.79
3/20/2024,54,49.62,166.53
3/21/2024,50,58.41,156.61
3/22/2024,53,60.08,213.91
3/23/2024,49,54.57,144.58
3/24/2024,55,56.72,153.52
3/25/2024,49,51.53,192.38
3/26/2024,52,46.19,180.67
3/27/2024,46,58.79,178
3/28/2024,53,56.62,182.13
3/29/2024,57,58.14,182.9
3/30/2024,44,47.71,151.45
3/31/2024,47,63,126.21
4/1/2024,45,57.74,149.14
4/2/2024,47,54.63,121.88
4/3/2024,45,56.64,156.42
4/4/2024,56,55.79,170.07
4/5/2024,44,50.91,199.46
4/6/2024,51,54.02,182.02
4/7/2024,46,52.92,150.1
4/8/2024,48,64.27,140.82
4/9/2024,57,49.84,185.6
4/10/2024,56,48.65,166.14
4/11/2024,54,55.96,190.91
4/12/2024,46,59.65,185.59
4/13/2024,54,54.42,178.61
4/14/2024,52,59.81,128.79
4/15/2024,54,57.55,122.76
4/16/2024,52,64.37,205.11
4/17/2024,51,55.33,203.68
4/18/2024,51,53.52,189.72
4/19/2024,55,45.24,206.51
4/20/2024,48,54.8,138.23
4/21/2024,47,45.2,136.38
4/22/2024,55,58.03,210.97
4/23/2024,56,62.54,203.55
4/24/2024,58,60.56,158.63
4/25/2024,56,51.17,133.71
4/26/2024,46,51.63,173.85
4/27/2024,58,54.27,127.38
4/28/2024,57,64.18,215.11
4/29/2024,49,60.44,179.62
4/30/2024,52,61.71,183.58
5/1/2024,46,63.57,143.8
5/2/2024,57,53.25,182.81
5/3/2024,48,49.7,156.42
5/4/2024,58,48.37,213.98
5/5/2024,54,47.96,209.33
5/6/2024,46,60.63,217.72
5/7/2024,58,62.85,130.66
5/8/2024,57,52.61,144.73
5/9/2024,45,61.32,173.91
5/10/2024,56,62.77,143.61
5/11/2024,54,48.48,132.61
5/12/2024,48,46.95,120.88
5/13/2024,49,51.94,164.2
5/14/2024,50,45.99,138.69
5/15/2024,59,51.43,152.76
5/16/2024,55,57.18,216.52
5/17/2024,51,57.07,120.36
5/18/2024,56,52.18,124.59
5/19/2024,55,59.3,119.48
5/20/2024,54,50.09,120.13
5/21/2024,55,59.08,166.5
5/22/2024,51,49.57,153.46
5/23/2024,55,62.6,126.56
5/24/2024,51,55.63,188.35
5/25/2024,55,47.81,135.3
5/26/2024,53,63.93,161.55
5/27/2024,58,48.06,215.88
5/28/2024,52,54.07,157.79
5/29/2024,59,48.4,175.08
5/30/2024,54,49.7,206.43
5/31/2024,59,64.08,146.04
6/1/2024,58,47.94,181.07
6/2/2024,59,57.98,153.08
6/3/2024,53,63.92,155.57
6/4/2024,49,55.8,173.65
6/5/2024,50,59.06,171.39
6/6/2024,54,60.07,213.05
6/7/2024,47,51.03,153.57
6/8/2024,55,48.73,199.01
6/9/2024,50,62.41,154.06
6/10/2024,50,61.1,149.49
6/11/2024,57,63.39,206.72
6/12/2024,48,56.08,151.2
6/13/2024,52,49.25,136.82
6/14/2024,49,51.8,142.22
6/15/2024,48,64.64,176.1
6/16/2024,58,59.15,217.74
6/17/2024,47,50.37,189.15
6/18/2024,49,59.26,185.19
6/19/2024,58,61.1,118.75
6/20/2024,48,45.28,141.53
6/21/2024,48,57.09,204.51
6/22/2024,51,60.98,134.22
6/23/2024,48,46.75,192.97
6/24/2024,52,47.95,206.11
6/25/2024,49,57.9,212.94
6/26/2024,55,51.62,192.07
6/27/2024,48,63.13,155.99
6/28/2024,52,45.23,161.08
6/29/2024,48,51.08,200.53
6/30/2024,54,53.56,122.38
7/1/2024,51,53.61,188.05
7/2/2024,54,46.21,156.27
7/3/2024,54,47.85,195.01
7/4/2024,50,49.42,179.19
7/5/2024,55,49.49,216.08
7/6/2024,51,47.47,213.26
7/7/2024,61,45.98,150.38
7/8/2024,54,61.48,190.19
7/9/2024,59,54.53,161
7/10/2024,55,47.67,145.7
7/11/2024,57,61.21,191.64
7/12/2024,52,60.76,164.79
7/13/2024,55,53.37,206.52
7/14/2024,52,51.07,146.23
7/15/2024,56,56.82,166.85
7/16/2024,62,59.14,132.22
7/17/2024,50,50.86,214.57
7/18/2024,60,49.52,164.08
7/19/2024,52,57.35,212.69
7/20/2024,54,47.6,142.72
7/21/2024,58,46.99,190.9
7/22/2024,49,48.52,206.27
7/23/2024,50,58.19,186.62
7/24/2024,58,63.78,170.88
7/25/2024,51,61.42,214.51
7/26/2024,52,55.17,137.75
7/27/2024,56,61.43,216.73
7/28/2024,53,57.09,130.26
7/29/2024,54,51.69,155.04
7/30/2024,52,63.02,140.62
7/31/2024,60,56.99,159.21
8/1/2024,62,56.19,172.83
8/2/2024,52,49.42,213.19
8/3/2024,51,58.5,204.17
8/4/2024,62,62.31,124.87
8/5/2024,59,50.79,169.78
8/6/2024,51,45.95,175.36
8/7/2024,56,54.64,167.47
8/8/2024,56,55.25,168.48
8/9/2024,62,52.53,212.02
8/10/2024,52,54.24,151.55
8/11/2024,60,61.31,189.7
8/12/2024,52,47.65,121.51
8/13/2024,63,52.67,130.36
8/14/2024,55,61.89,157.33
8/15/2024,62,56.75,194.4
8/16/2024,55,49.57,165.19
8/17/2024,55,47.84,158.82
8/18/2024,57,58.14,131.39
8/19/2024,63,48.9,181.54
8/20/2024,59,48.9,150.62
8/21/2024,52,61.01,173.23
8/22/2024,52,50.21,137.99
8/23/2024,60,56.04,189.85
8/24/2024,55,50.2,177.5
8/25/2024,52,52.21,118.59
8/26/2024,57,54.36,210.22
8/27/2024,59,54.98,158.45
8/28/2024,57,45.01,147.41
8/29/2024,61,59.39,213.07
8/30/2024,53,49.06,216.21
8/31/2024,56,54.26,188.7
9/1/2024,56,49.49,124.58
9/2/2024,62,48.75,214.81
9/3/2024,59,58.8,178.76
9/4/2024,63,53.61,131.54
9/5/2024,60,55.78,209.46
9/6/2024,55,47.29,152.59
9/7/2024,55,46.04,180.01
9/8/2024,61,43.99,215.07
9/9/2024,64,60.36,173.99
9/10/2024,62,59.05,129.1
9/11/2024,52,53.55,178.32
9/12/2024,62,48.28,150.08
9/13/2024,56,46.35,141.56
9/14/2024,60,46.47,132.26
9/15/2024,61,54.37,198.98
9/16/2024,57,54.04,191.38
9/17/2024,56,45.59,143.63
9/18/2024,60,44.72,170.4
9/19/2024,62,58.04,124.07
9/20/2024,53,56.05,172.1
9/21/2024,52,56.17,192.12
9/22/2024,59,46.31,165.53
9/23/2024,53,63.31,133.86
9/24/2024,64,61.37,118.34
9/25/2024,61,51.62,185.96
9/26/2024,57,49.26,195.44
9/27/2024,64,59.79,156.06
9/28/2024,60,51.94,183.46
9/29/2024,60,59.38,150.93
9/30/2024,63,44.77,203.96
10/1/2024,63,51.65,202.86
10/2/2024,61,47.52,171.53
10/3/2024,57,44.19,190.86
10/4/2024,56,59.29,169.88
10/5/2024,52,60.77,176.53
10/6/2024,64,58.74,186.66
10/7/2024,57,44.91,123.46
10/8/2024,63,51.13,148.92
10/9/2024,59,55.82,182.55
10/10/2024,58,52.75,205.17
10/11/2024,56,52.18,212.39
10/12/2024,52,48.56,121.45
10/13/2024,64,56.18,216.86
10/14/2024,61,44.63,170.49
10/15/2024,58,48.4,138.81
10/16/2024,59,63.36,121.17
10/17/2024,60,61.03,130.09
10/18/2024,52,62.75,126.88
10/19/2024,64,50.78,206.03
10/20/2024,57,53.2,189.85
10/21/2024,62,59.05,185.19
10/22/2024,66,49.27,149.26
10/23/2024,64,60.49,154.66
10/24/2024,65,57.42,169.55
10/25/2024,60,58.87,194.99
10/26/2024,60,57.2,193.9
10/27/2024,59,50.79,164.18
10/28/2024,54,44.53,189.22
10/29/2024,57,47.61,192.72
10/30/2024,65,47.56,216.22
10/31/2024,63,52.41,169.39
11/1/2024,57,50.55,170.45
11/2/2024,55,46.78,134
11/3/2024,66,60.36,144.27
11/4/2024,62,49.98,154.84
11/5/2024,58,44.54,170.02
11/6/2024,54,49.39,187.59
11/7/2024,55,53.94,184.9
11/8/2024,58,51.89,204.56
11/9/2024,57,43.93,214.22
11/10/2024,65,50.86,159.31
11/11/2024,62,53.29,118.53
11/12/2024,58,46.95,199.9
11/13/2024,66,44.03,212.1
11/14/2024,56,63.02,202.12
11/15/2024,64,56.4,176.16
11/16/2024,55,58.86,127.09
11/17/2024,66,43.7,150.86
11/18/2024,58,56.84,192.79
11/19/2024,56,62.48,182.67
11/20/2024,57,46.28,157.47
11/21/2024,54,62.62,209.77
11/22/2024,54,55.12,119.32
11/23/2024,64,49.56,172.49
11/24/2024,60,48.17,210.16
11/25/2024,54,60.53,186.05
11/26/2024,54,55.53,123.21
11/27/2024,63,48.83,186.92
11/28/2024,59,61.22,201.75
11/29/2024,60,51.23,144.05
11/30/2024,66,54.3,118.21
12/1/2024,60,57.38,194.83
12/2/2024,59,61.45,184.17
12/3/2024,63,44.61,179.24
12/4/2024,56,48.67,127.93
12/5/2024,56,52.39,193.99
12/6/2024,56,44.96,207.21
12/7/2024,61,61.7,137.55
12/8/2024,68,61.08,182.96
12/9/2024,59,60.17,119.07
12/10/2024,65,61.74,179.34
12/11/2024,59,44.6,180.36
12/12/2024,55,62.83,133.51
12/13/2024,61,50.32,190.64
12/14/2024,62,55.48,213.16
12/15/2024,67,43.32,139.14
12/16/2024,58,53.79,134.7
12/17/2024,57,47.01,206.94
12/18/2024,56,48.13,138.03
12/19/2024,62,45.3,125.77
12/20/2024,66,59.62,186.14
12/21/2024,59,60.87,155.17
12/22/2024,68,54.7,146.51
12/23/2024,57,51.57,156.77
12/24/2024,59,51.44,177.94
12/25/2024,67,60.82,175.65
12/26/2024,61,43.88,134.05
12/27/2024,64,49.88,168.65
12/28/2024,67,60.68,141.61
12/29/2024,57,56.83,126.77
12/30/2024,68,49.32,166.9
12/31/2024,67,56.7,190.5
